@article{balay2014petsc,
  author = {Balay, S and Abhyankar, S and Adams, M and Brown, J and Brune, P and Buschelman, K and Eijkhout, V and Gropp, W and Kaushik, D and Knepley, M and others},
  title  = {PETSc Users Manual Revision 3.5},
  url    = {http://www.mcs.anl.gov/petsc/petsc-current/docs/manual.pdf},
  year   = {2014}
}